%% This BibTeX bibliography file was created using BibDesk.
%% http://bibdesk.sourceforge.net/


%% Created for Justin Erik Katz at 2014-09-02 18:30:54 -0700 


%% Saved with string encoding Unicode (UTF-8) 



@article{journals/tamm/MartinW09,
	Added-At = {2013-03-06T00:00:00.000+0100},
	Author = {Martin, Greg and Wong, Erick B.},
	Biburl = {http://www.bibsonomy.org/bibtex/2d4b6529d6f7f984499538dad3492374a/dblp},
	Date-Added = {2014-09-02 23:36:07 +0000},
	Date-Modified = {2014-09-02 23:36:07 +0000},
	Ee = {http://www.jstor.org/stable/40391166},
	Interhash = {ff77fc314cffe174bd2ff8144128e748},
	Intrahash = {d4b6529d6f7f984499538dad3492374a},
	Journal = {The American Mathematical Monthly},
	Keywords = {dblp},
	Number = 7,
	Pages = {588-597},
	Timestamp = {2013-03-06T00:00:00.000+0100},
	Title = {Almost All Integer Matrices Have No Integer Eigenvalues.},
	Url = {http://dblp.uni-trier.de/db/journals/tamm/tamm116.html#MartinW09},
	Volume = 116,
	Year = 2009,
	Bdsk-Url-1 = {http://dblp.uni-trier.de/db/journals/tamm/tamm116.html#MartinW09}}

@book{rees1983notes,
	Author = {Rees, E.G.},
	Date-Added = {2014-09-02 20:02:17 +0000},
	Date-Modified = {2014-09-02 20:02:17 +0000},
	Lccn = {82019299},
	Publisher = {Springer-Verlag},
	Series = {Universitext (1979)},
	Title = {Notes on geometry},
	Url = {http://books.google.com/books?id=XETvAAAAMAAJ},
	Year = {1983},
	Bdsk-Url-1 = {http://books.google.com/books?id=XETvAAAAMAAJ}}

@misc{opac-b1081836,
	Author = {Atiyah, Michael and Macdonald, Ian Grant},
	Date-Added = {2014-09-02 19:59:00 +0000},
	Date-Modified = {2014-09-02 19:59:00 +0000},
	Publisher = {Reading, Mass. Addison-Wesley},
	Series = {Addison-Wesley series in mathematics},
	Title = {Introduction to commutative algebra},
	Url = {http://opac.inria.fr/record=b1081836},
	Year = 1969,
	Bdsk-Url-1 = {http://opac.inria.fr/record=b1081836}}

@misc{Aholt12ahilbert,
	Author = {Chris Aholt and Bernd Sturmfels and Rekha Thomas},
	Date-Added = {2014-09-02 19:58:02 +0000},
	Date-Modified = {2014-09-02 19:58:02 +0000},
	Title = {A Hilbert Scheme in Computer Vision},
	Year = {2012}}

@misc{Heyden96algebraicproperties,
	Author = {Anders Heyden and Kalle {\AA}str{\"o}m},
	Date-Added = {2014-09-02 19:57:08 +0000},
	Date-Modified = {2014-09-02 19:57:08 +0000},
	Title = {Algebraic Properties of Multilinear Constraints},
	Year = {1996}}

@misc{Faugeras95onthe,
	Author = {Olivier Faugeras and Bernard Mourrain},
	Date-Added = {2014-09-02 19:57:08 +0000},
	Date-Modified = {2014-09-02 19:57:08 +0000},
	Title = {On the geometry and algebra of the point and line correspondences between N images},
	Year = {1995}}

@inproceedings{Werman95thestudy,
	Author = {Michael Werman and Amnon Shashua},
	Booktitle = {In Proc. of Europe-China Workshop on Geometrical Modeling and Invariants for Computer Vision},
	Date-Added = {2014-09-02 19:57:08 +0000},
	Date-Modified = {2014-09-02 19:57:08 +0000},
	Pages = {94--101},
	Title = {The Study of 3D-from-2D using Elimination},
	Year = {1995}}

@book{Cox:2007:IVA:1204670,
	Address = {Secaucus, NJ, USA},
	Author = {Cox, David A. and Little, John and O'Shea, Donal},
	Date-Added = {2014-09-02 19:57:08 +0000},
	Date-Modified = {2014-09-02 19:57:08 +0000},
	Isbn = {0387356509},
	Publisher = {Springer-Verlag New York, Inc.},
	Title = {Ideals, Varieties, and Algorithms: An Introduction to Computational Algebraic Geometry and Commutative Algebra, 3/e (Undergraduate Texts in Mathematics)},
	Year = {2007}}

@book{Hartley2004,
	Author = {Hartley, R.~I. and Zisserman, A.},
	Date-Added = {2014-09-02 19:57:08 +0000},
	Date-Modified = {2014-09-02 19:57:08 +0000},
	Edition = {Second},
	Publisher = {Cambridge University Press, ISBN: 0521540518},
	Title = {Multiple View Geometry in Computer Vision},
	Year = {2004}}
