/Users/jukatz/Dropbox/Ben/jobSearch/NSF2022/zotBib.bib