@article{arapura2019integral,
	title={Integral Gassman equivalence of algebraic and hyperbolic manifolds},
	author={Arapura, Donu and Katz, Justin and McReynolds, David B and Solapurkar, Partha},
	journal={Mathematische Zeitschrift},
	volume={291},
	number={1},
	pages={179--194},
	year={2019},
 	publisher={Springer}
}