%% This BibTeX bibliography file was created using BibDesk.
%% https://bibdesk.sourceforge.io/

%% Created for Justin Erik Katz at 2021-10-16 04:28:01 -0400 


%% Saved with string encoding Unicode (UTF-8) 



@article{2018,
	author = {D. Arapura and J. Katz and D. B. McReynolds and P. Solapurkar},
	date-added = {2021-10-16 04:27:06 -0400},
	date-modified = {2021-10-16 04:27:06 -0400},
	doi = {10.1007/s00209-018-2077-2},
	month = {jun},
	number = {1-2},
	pages = {179--194},
	publisher = {Springer Science and Business Media {LLC}},
	title = {Integral Gassman equivalence of algebraic and hyperbolic manifolds},
	url = {https://doi.org/10.1007%2Fs00209-018-2077-2},
	volume = {291},
	year = 2018,
	bdsk-url-1 = {https://doi.org/10.1007%2Fs00209-018-2077-2},
	bdsk-url-2 = {https://doi.org/10.1007/s00209-018-2077-2}}
