%% This BibTeX bibliography file was created using BibDesk.
%% https://bibdesk.sourceforge.io/

%% Created for Justin Erik Katz at 2021-10-18 17:55:08 -0400 


%% Saved with string encoding Unicode (UTF-8) 



@article{prasad2017,
	author = {Prasad, Dipendra},
	date-added = {2021-10-18 17:54:54 -0400},
	date-modified = {2021-10-18 17:55:06 -0400},
	journal = {Advances in Mathematics},
	pages = {198--208},
	publisher = {Elsevier},
	title = {A refined notion of arithmetically equivalent number fields, and curves with isomorphic Jacobians},
	volume = {312},
	year = {2017}}

@inproceedings{reid2014,
	author = {Reid, Alan W},
	booktitle = {Annales de la Facult{\'e} des sciences de Toulouse: Math{\'e}matiques},
	date-added = {2021-10-18 17:53:14 -0400},
	date-modified = {2021-10-18 17:53:19 -0400},
	number = {5},
	pages = {1103--1118},
	title = {Traces, lengths, axes and commensurability},
	volume = {23},
	year = {2014}}

@article{arapura2019,
	author = {Arapura, Donu and Katz, Justin and McReynolds, David B and Solapurkar, Partha},
	date-added = {2021-10-18 17:44:31 -0400},
	date-modified = {2021-10-18 17:47:43 -0400},
	journal = {Mathematische Zeitschrift},
	number = {1},
	pages = {179--194},
	publisher = {Springer},
	title = {Integral Gassman equivalence of algebraic and hyperbolic manifolds},
	volume = {291},
	year = {2019}}
